@article{kohler2018expansion,
  title={Expansion of the Human Phenotype Ontology (HPO) knowledge base and resources},
  author={K{\"o}hler, Sebastian and Carmody, Leigh and Vasilevsky, Nicole and Jacobsen, Julius O B and Danis, Daniel and Gourdine, Jean-Philippe and Gargano, Michael and Harris, Nomi L and Matentzoglu, Nicolas and McMurry, Julie A and others},
  journal={Nucleic acids research},
  volume={47},
  number={D1},
  pages={D1018--D1027},
  year={2018},
  publisher={Oxford University Press}
}